@article{valiant2005memorization,
  title     = {{Memorization and {A}ssociation on a {R}ealistic {N}eural {M}odel}},
  author    = {Valiant, Leslie G},
  journal   = {Neural Computation},
  volume    = {17},
  number    = {3},
  pages     = {527--555},
  year      = {2005},
  publisher = {MIT Press},
  address   = {Cambridge}
}

@inproceedings{valiant2017capacity,
  author       = {Valiant, Leslie G.},
  booktitle    = {58th Annual Symposium on Foundations of Computer Science},
  title        = {{Capacity of Neural Networks for Lifelong Learning of Composable Tasks}},
  year         = {2017},
  pages        = {367-378},
  organization = {IEEE},
  doi          = {10.1109/FOCS.2017.41}
}

@article{papadimitriou2020brain,
  author  = {Christos H. Papadimitriou  and Santosh S. Vempala  and Daniel Mitropolsky  and Michael Collins  and Wolfgang Maass},
  title   = {{Brain Computation by Assemblies of Neurons}},
  journal = {Proceedings of the National Academy of Sciences},
  volume  = {117},
  number  = {25},
  pages   = {14464-14472},
  year    = {2020},
  doi     = {10.1073/pnas.2001893117}
}

@mastersthesis{perrine2023neural,
  title   = {{Neural Tabula Rasa: Foundations for Realistic Memories and Learning}},
  author  = {Perrine, Patrick R},
  school  = {California Polytechnic State University},
  address = {San Luis Obispo},
  month   = {June},
  year    = {2023}
}

@techreport{xie2023skip,
  title       = {Skip Connections Increase the Capacity of Associative Memories in Variable Binding Mechanisms},
  author      = {Xie, Yi and Li, Yichen and Rangamani, Akshay},
  year        = {2023},
  institution = {Center for Brains, Minds and Machines (CBMM)}
}

@article{dabagia2023computation,
  title   = {Computation with Sequences in the Brain},
  author  = {Dabagia, Max and Papadimitriou, Christos H and Vempala, Santosh S},
  journal = {arXiv preprint arXiv:2306.03812},
  year    = {2023}
}

@article{hebb1949first,
  title     = {The first stage of perception: growth of the assembly},
  author    = {Hebb, Donald O},
  journal   = {The Organization of Behavior},
  volume    = {4},
  number    = {60},
  pages     = {78--60},
  year      = {1949},
  publisher = {Wiley, New York}
}

@article{franks2011recurrent,
  title     = {Recurrent circuitry dynamically shapes the activation of piriform cortex},
  author    = {Franks, Kevin M and Russo, Marco J and Sosulski, Dara L and Mulligan, Abigail A and Siegelbaum, Steven A and Axel, Richard},
  journal   = {Neuron},
  volume    = {72},
  number    = {1},
  pages     = {49--56},
  year      = {2011},
  publisher = {Elsevier}
}

@article{valiant1984theory,
  title     = {{A Theory of the Learnable}},
  author    = {Valiant, Leslie G},
  journal   = {Communications of the ACM},
  volume    = {27},
  number    = {11},
  pages     = {1134--1142},
  year      = {1984},
  publisher = {Association for Computing Machinery (ACM)},
  address   = {New York}
}

@book{valiant1994circuits,
  title     = {{Circuits of The Mind}},
  author    = {Valiant, Leslie G},
  year      = {1999},
  edition   = {{P}aperback},
  publisher = {Oxford University Press}
}

@article{valiant2006quantitative,
  title     = {{A Quantitative Theory of Neural Computation}},
  author    = {Valiant, Leslie G},
  journal   = {Biological Cybernetics},
  volume    = {95},
  number    = {3},
  pages     = {205--211},
  year      = {2006},
  publisher = {Springer}
}

@article{yang2020primer,
  title   = {{Artificial Neural Networks for Neuroscientists: A Primer}},
  journal = {Neuron},
  volume  = {107},
  number  = {6},
  pages   = {1048-1070},
  year    = {2020},
  issn    = {0896-6273},
  doi     = {https://doi.org/10.1016/j.neuron.2020.09.005},
  author  = {Guangyu Robert Yang and Xiao-Jing Wang}
}

@book{schwartz1993computational,
  title     = {{Computational Neuroscience}},
  editor    = {Schwartz, Eric L.},
  year      = {1993},
  month     = {August},
  series    = {System Development Foundation Benchmark Series},
  publisher = {MIT Press},
  address   = {Cambridge}
}

@article{reigl2004elegans,
  title     = {{Search for Computational Modules in the \textit{C. elegans} Brain}},
  author    = {Reigl, Markus and Alon, Uri and Chklovskii, Dmitri B},
  journal   = {BMC Biology},
  volume    = {2},
  pages     = {1--12},
  year      = {2004},
  publisher = {Springer}
}

@article{papadimitriou2022bridging,
  author  = {Papadimitriou, Christos H. and Friederici, Angela D.},
  title   = {{Bridging the Gap Between Neurons and Cognition Through Assemblies of Neurons}},
  journal = {Neural Computation},
  volume  = {34},
  number  = {2},
  pages   = {291-306},
  year    = {2022},
  month   = {January},
  issn    = {0899-7667},
  doi     = {10.1162/neco_a_01463},
  url     = {https://doi.org/10.1162/neco\_a\_01463}
}

@article{papadimitriou2014unsupervised,
  title   = {{Unsupervised Learning through Prediction in a Model of Cortex}},
  author  = {Christos H. Papadimitriou and Santosh S. Vempala},
  year    = {2014},
  journal = {arXiv preprint arXiv:1412.7955},
  note    = {Unpublished Manuscript}
}

@misc{peixoto2017graph,
  title     = {{The graph-tool Python library, Version 14}},
  author    = {Peixoto, T. P.},
  year      = {2017},
  month     = {May},
  publisher = {figshare}
}

@article{maass2019brain,
  title     = {{Brain Computation: A Computer Science Perspective}},
  author    = {Maass, Wolfgang and Papadimitriou, Christos H and Vempala, Santosh and Legenstein, Robert},
  journal   = {Computing and Software Science: State of the Art and Perspectives},
  pages     = {184--199},
  year      = {2019},
  publisher = {Springer}
}

@book{marr1982vision,
  title     = {Vision: A Computational Investigation into the Human Representation and Processing of Visual Information},
  author    = {Marr, David},
  year      = {1982},
  publisher = {W. H. Freeman and Company},
  address   = {San Francisco}
}

@article{mcculloch1943logical,
  title     = {{A Logical Calculus of the Ideas Immanent in Nervous Activity}},
  author    = {McCulloch, Warren S. and Pitts, Walter},
  journal   = {The Bulletin of Mathematical Biophysics},
  volume    = {5},
  pages     = {115--133},
  year      = {1943},
  publisher = {Springer}
}

@article{lynch2016computational,
  title   = {{Computational Tradeoffs in Biological Neural Networks: Self-Stabilizing Winner-Take-All Networks}},
  author  = {Lynch, Nancy and Musco, Cameron and Parter, Merav},
  journal = {arXiv preprint arXiv:1610.02084},
  year    = {2016},
  note    = {Unpublished Manuscript}
}

@article{marcus2018deep,
  title   = {{Deep Learning: A Critical Appraisal}},
  author  = {Gary Marcus},
  year    = {2018},
  journal = {arXiv preprint arXiv:1801.00631},
  note    = {Unpublished Manuscript}
}

@article{maass1997spiking,
  title   = {{Networks of Spiking Neurons: The Third Generation of Neural Network Models}},
  journal = {Neural Networks},
  volume  = {10},
  number  = {9},
  pages   = {1659-1671},
  year    = {1997},
  issn    = {0893-6080},
  doi     = {https://doi.org/10.1016/S0893-6080(97)00011-7},
  url     = {https://www.sciencedirect.com/science/article/pii/S0893608097000117},
  author  = {Wolfgang Maass}
}

@inproceedings{krotov2021large,
  title     = {{Large Associative Memory Problem in Neurobiology and Machine Learning}},
  author    = {Krotov, Dmitry and Hopfield, John J.},
  booktitle = {9th International Conference on Learning Representations},
  year      = {2021}
}

@article{hopfield1982classic,
  title     = {{Neural Networks and Physical Systems with Emergent Collective Computational Abilities}},
  author    = {Hopfield, John J},
  journal   = {Proceedings of the National Academy of Sciences},
  volume    = {79},
  number    = {8},
  pages     = {2554--2558},
  year      = {1982},
  publisher = {National Academy of Sciences}
}

@article{hubel1959receptive,
  title     = {{Receptive Fields of Single Neurones in The Cat's Striate Cortex}},
  author    = {Hubel, David H and Wiesel, Torsten N},
  journal   = {The Journal of Physiology},
  volume    = {148},
  number    = {3},
  pages     = {574},
  year      = {1959},
  publisher = {Wiley-Blackwell}
}

@book{hebb1949behavior,
  title     = {The Organization of Behavior},
  author    = {Hebb, Donald O.},
  year      = {1949},
  publisher = {Wiley \& Sons},
  address   = {New York}
}

@article{herculano2009brain,
  author  = {Herculano-Houzel, Suzana},
  title   = {{The Human Brain in Numbers: A Linearly Scaled-Up Primate Brain}},
  journal = {Frontiers in Human Neuroscience},
  volume  = {3},
  year    = {2009},
  doi     = {10.3389/neuro.09.031.2009},
  issn    = {1662-5161}
}

@article{harris2003organization,
  title     = {{Organization of Cell Assemblies in the Hippocampus}},
  author    = {Harris, Kenneth D and Csicsvari, Jozsef and Hirase, Hajime and Dragoi, George and Buzs{\'a}ki, Gy{\"o}rgy},
  journal   = {Nature},
  volume    = {424},
  number    = {6948},
  pages     = {552--556},
  year      = {2003},
  publisher = {Nature Publishing Group},
  address   = {London}
}

@article{fukushima1979neo,
  title     = {{Neocognitron: A Neural Network Model for a Mechanism of Pattern Recognition Unaffected by Shift in Position}},
  author    = {Fukushima, Kunihiko},
  journal   = {Transactions of the Institute of Electronics, Information and Communication Engineers},
  volume    = {62},
  number    = {10},
  pages     = {658--665},
  year      = {1979},
  publisher = {IECE}
}

@article{feldman2009experience,
  title     = {{Experience-Induced Neural Circuits that Achieve High Capacity}},
  author    = {Feldman, Vitaly and Valiant, Leslie G},
  journal   = {Neural Computation},
  volume    = {21},
  number    = {10},
  pages     = {2715--2754},
  year      = {2009},
  publisher = {MIT Press},
  address   = {Cambridge}
}

@article{erdos1960evolution,
  title   = {{On the Evolution of Random Graphs}},
  author  = {Erdős, Paul and R{\'e}nyi, Alfr{\'e}d},
  journal = {Matematikai Kutató Intézetének Közleményei: A Magyar Tudományos Akadémia},
  volume  = {5},
  pages   = {17--61},
  year    = {1960}
}

@article{buzsaki2010neural,
  title     = {{Neural Syntax: Cell Assemblies, Synapsembles, and Readers}},
  author    = {Buzs{\'a}ki, Gy{\"o}rgy},
  journal   = {Neuron},
  volume    = {68},
  number    = {3},
  pages     = {362--385},
  year      = {2010},
  publisher = {Elsevier}
}

@book{bear2020neuroscience,
  title     = {Neuroscience: Exploring The Brain},
  author    = {Bear, Mark and Connors, Barry and Paradiso, Michael A},
  year      = {2020},
  edition   = {4th (Enhanced)},
  publisher = {Jones \& Bartlett Learning}
}

@article{bi1998synaptic,
  title     = {{Synaptic Modifications in Cultured Hippocampal Neurons: Dependence on Spike Timing, Synaptic Strength, and Postsynaptic Cell Type}},
  author    = {Bi, Guo{-}qiang and Poo, Mu{-}ming},
  journal   = {Journal of Neuroscience},
  volume    = {18},
  number    = {24},
  pages     = {10464--10472},
  year      = {1998},
  publisher = {Society for Neuroscience}
}


@article{altimus2020next,
  title     = {{The Next 50 Years of Neuroscience}},
  author    = {Altimus, Cara M and Marlin, Bianca Jones and Charalambakis, Naomi Ekavi and Col{\'o}n-Rodr{\'\i}guez, Alexandra and Glover, Elizabeth J and Izbicki, Patricia and Johnson, Anthony and Lourenco, Mychael V and Makinson, Ryan A and McQuail, Joseph and others},
  journal   = {Journal of Neuroscience},
  volume    = {40},
  number    = {1},
  pages     = {101--106},
  year      = {2020},
  publisher = {Society for Neuroscience}
}
